@book{stein:2005,
	title={Real Analysis: Measure Theory, Integration, \& Hilbert Spaces},
	author = {Elias Stein, Rami Shakarchi},
	publisher = {Princeton University Press},
	year = {2005}
}

@book{pugh:2015,
	title = {Real Mathematical Analysis},
	author = {Charles Pugh},
	publisher = {Springer},
	pages = {383-414},
	edition = {2},
	year = {2015}
}

@book{beals:1938,
	title = {Analysis: An Introduction},
	author = {Richard Beals},
	publisher = {Cambridge: Cambridge University Press 2004},
	pages = {144-157},
	year = {1938}
}

@book{kline:1972,
	title = {Mathematical Thought Ancient To Modern Times},
	author = {Morris Kline},
	publisher = {Oxford University Press},
	pages = {947-977},
	volume = {3}
}

@book{lebesgue:1901,
	title = {Sur une généralisation de l'intégral définie},
	author = {Heri Lebesgue},
	note = {Translated by Paul Loya and Emanuele Delucchi},
	date = {1901}
}

@book{lebesgue:1902,
	title = {Intégrale, Longueur, Aire},
	author = {Heri Lebesgue},
	date = {1902}
}

@book{cauchy:1823,
	author={Augustin-Louis Cauchy},
	title={Résumé des leçons sur le calcul infinitésimal},
	pages={81-85},
	year={1823}
}

@book{burk:1998,
	author = {Frank Burk},
	title = {Lebesgue measure and Integration: An Introduction},
	publisher ={John Wiley \& Sons},
	date = {1998}
}

@book{newton:,
	author={Isaac Newton},
	title={Mathematical Principals of Natural Philosophy},
	volume = {1}
}

@article{fleron:1994,
	title = {A Note on the History of the Cantor Set and Cantor Function},
	author = {Julian Fleron},
	publisher = {Mathematical Association of America},
	howpublished = {\url{http://links.jstor.org/sici?sici=0025-570X\%28199404\%2967\%3A2\%3C136\%3AANOTHO\%3E12.0.CO\%2B2-I}},
	year = {1994}
}

@article{scoville:2019,
	title = {The Cantor Set Before Cantor},
	author = {Nicholas Scoville},
	year = {2019}
}

@article{smith:1875,
	title = {On the integration of discontinuous functions},
	author = {Henery John Stephen Smith},
	publisher = {London Mathematical Society},
	year = {1875}
}

@article{vitali:1905,
	title = {Sul problema della misura dei gruppi di punti di una retta},
	author = {Giuseppe Vitali},
	publisher = {Tip. Gamberini e Parmeggiani},
	note = {Translated by James R. Meyer},
	year = {1905}
}

@article{solovay:1970,
	author = {Robert M. Solovay},
	title ={A Model of Set-Theory in Which Every Set of Reals is Lebesgue Measurable},
	publisher ={The Annals of Mathematics},
	year = {1970}
}

@article{gillespie:1915,
	title ={The Cauchy Definition of a Definite Integral},
	author={D. C. Gillespie},
	journal={Annals of Mathematics}, 
	year={1915}
}

@article{juan:2015,
	title = {Vito Volterra's construction of a nonconstant function with a bounded, non-Riemann integrable derivative},
	author = {Juan Carlos Ponce-Campuzano, Miguel Ángel Maldonado-Aguilar},
	journal = {BSHM Bulletin: Journal of the British Society for the History of Mathematics},
	howpublished={\url{https://doi.org/10.1080/17498430.2015.1010771}},
	year = {2015}
}

@misc{bourne:2010,
	title = {What did Newton Originally Say about Integration},
	author = {Murray Bourne},
	year = {2010}
}

@misc{pouso:2012,
	title={A simple proof of the Fundamental Theorem of Calculus for the Lebesgue integral},
	author={Rodrigo López Pouso},
	howpublished={\url{https://arxiv.org/pdf/1203.1462.pdf}},
	year={2012}
}

@misc{merx:2015,
	title={The Smith Volterra Cantor Set},
	author={Jean-Pierre Merx},
	year={2015},
	howpublished={\url{https://www.mathcounterexamples.net/the-smith-volterra-cantor-set/}}
}

@misc{loya,
	title={Lebesgue’s remarkable theory of measureand integration with probability},
	author={Paul Loya},
	howpublished={\url{https://www.scribd.com/document/192273466/Loyabook#}}
}

